@book{book_key,
	address = {City},
	publisher = {Publisher},
	author = {Smith, John},
	title = {Book title},
	year = {2012},
	volume = {3},
	series = {2},
	edition = {1},
	pages = {123--200},
	month = {January}
}

@article{article_key,
	address = {City},
	publisher = {Publisher},
	author = {Smith, James},
	title = {Article title},
	year = {2013},
	volume = {14},
	number = {6},
	pages = {1--8},
	month = {March}
}

@misc{pkcs,
  title = {{PKCS 1 v2.1: RSA Cryptography Standard}},
  howpublished = "\url{ftp://ftp.rsasecurity.com/pub/pkcs/pkcs-1/pkcs-1v2-1.pdf}",
  year = {2002}, 
  note = "[Online; accessed 22-Feb-2019]"
}

@misc{sha-1-wiki,
  title = {{SHA-1}},
  howpublished = "\url{https://en.wikipedia.org/wiki/SHA-1}",
  year = {2019}, 
  note = "[Online; accessed 22-Feb-2019]"
}

@misc{sha-1-slideshare,
  author = {Vishakha Agarwal},
  title = {{Secure Hash Algorithm}},
  howpublished = "\url{https://www.slideshare.net/VishakhaAgarwal4/secure-hash-algorithm}",
  year = {2015}, 
  note = "[Online; accessed 22-Feb-2019]"
}


@misc{ciphersuit-wiki,
  title = {{Cipher suit}},
  howpublished = "\url{https://en.wikipedia.org/wiki/Cipher_suite}",
  year = {2019}, 
  note = "[Online; accessed 27-Feb-2019]"
}


@misc{TLS-meduim,
  title = {{TLS/SSL Protocol}},
  howpublished = "\url{https://medium.com/@iphelix/tls-ssl-protocol-84a1ecef54bd}",
  year = {2019}, 
  note = "[Online; accessed 11-April-2009]"
}








